<?xml version="1.0" encoding="UTF-8"?><record xmlns="http://www.loc.gov/MARC21/slim" xmlns:cinclude="http://apache.org/cocoon/include/1.0" xmlns:zs="http://www.loc.gov/zing/srw/">
  <leader>00739nz  a2200169n  4500</leader>
  <controlfield tag="001">n 2015188342</controlfield>
  <controlfield tag="003">DLC</controlfield>
  <controlfield tag="005">20150924044104.0</controlfield>
  <controlfield tag="008">150924n| azannaabn          |a ana      </controlfield>
  <datafield tag="010" ind1=" " ind2=" ">
    <subfield code="a">n 2015188342</subfield>
  </datafield>
  <datafield tag="035" ind1=" " ind2=" ">
    <subfield code="a">(DNLM)1665350</subfield>
  </datafield>
  <datafield tag="040" ind1=" " ind2=" ">
    <subfield code="a">DNLM</subfield>
    <subfield code="b">eng</subfield>
    <subfield code="c">DNLM</subfield>
    <subfield code="e">rda</subfield>
  </datafield>
  <datafield tag="046" ind1=" " ind2=" ">
    <subfield code="s">1959</subfield>
    <subfield code="2">edtf</subfield>
  </datafield>
  <datafield tag="110" ind1="2" ind2=" ">
    <subfield code="a">World Health Organization.</subfield>
    <subfield code="b">Cardiovascular Diseases Unit</subfield>
  </datafield>
  <datafield tag="410" ind1="2" ind2=" ">
    <subfield code="a">WHO Cardiovascular Diseases Unit</subfield>
  </datafield>
  <datafield tag="410" ind1="2" ind2=" ">
    <subfield code="a">W.H.O. Cardiovascular Diseases Unit</subfield>
  </datafield>
  <datafield tag="670" ind1=" " ind2=" ">
    <subfield code="a">Public health measures in prevention and control of arterial hypertension and ischaemic heart disease, 18 August 1961:</subfield>
    <subfield code="b">t.p. (Cardiovascular Diseases Unit of WHO) p. 3 (in 1959 a special unit responsible for work in cardiovascular diseases was established in WHO headquarters)</subfield>
  </datafield>
</record>